<record><leader>00000cas a22000007i 4500</leader><controlfield tag="001">774693301</controlfield><controlfield tag="008">120201d19761977aru x n       0   a0eng  </controlfield><datafield ind1=" " ind2=" " tag="010"><subfield code="a">  2015203720</subfield></datafield><datafield ind1=" " ind2=" " tag="040"><subfield code="a">AFU</subfield><subfield code="b">eng</subfield><subfield code="e">rda</subfield><subfield code="c">AFU</subfield><subfield code="d">AFU</subfield><subfield code="d">OCLCF</subfield><subfield code="d">CUS</subfield><subfield code="d">DLC</subfield></datafield><datafield ind1=" " ind2=" " tag="012"><subfield code="l">1</subfield></datafield><datafield ind1="0" ind2=" " tag="022"><subfield code="a">2469-9209</subfield><subfield code="2">1</subfield></datafield><datafield ind1=" " ind2=" " tag="042"><subfield code="a">msc</subfield><subfield code="a">nsdp</subfield></datafield><datafield ind1="1" ind2="0" tag="050"><subfield code="a">ISSN RECORD</subfield></datafield><datafield ind1="1" ind2="0" tag="082"><subfield code="a">070</subfield><subfield code="2">23</subfield></datafield><datafield ind1="0" ind2=" " tag="130"><subfield code="a">Times (Black Americans for Democracy (University of Arkansas, Fayetteville))</subfield></datafield><datafield ind1=" " ind2="0" tag="222"><subfield code="a">Times</subfield><subfield code="b">(Black Americans for Democrary (University of Arkansas, Fayetteville) Print)</subfield></datafield><datafield ind1="1" ind2="0" tag="245"><subfield code="a">Times /</subfield><subfield code="c">Black Americans for Democracy.</subfield></datafield><datafield ind1=" " ind2="1" tag="264"><subfield code="a">[Fayetteville, Ark. :</subfield><subfield code="b">Black Americans for Democracy],</subfield><subfield code="c">-1977.</subfield></datafield><datafield ind1=" " ind2=" " tag="310"><subfield code="a">Irregular.</subfield></datafield><datafield ind1=" " ind2=" " tag="336"><subfield code="a">text</subfield><subfield code="b">txt</subfield><subfield code="2">rdacontent</subfield></datafield><datafield ind1=" " ind2=" " tag="337"><subfield code="a">unmediated</subfield><subfield code="b">n</subfield><subfield code="2">rdamedia</subfield></datafield><datafield ind1=" " ind2=" " tag="338"><subfield code="a">volume</subfield><subfield code="b">nc</subfield><subfield code="2">rdacarrier</subfield></datafield><datafield ind1="1" ind2=" " tag="362"><subfield code="a">Began with: August 1976; Ceased in 1977.</subfield></datafield><datafield ind1=" " ind2=" " tag="588"><subfield code="a">Description based on surrogate of:  Aug. 1976; title from caption.</subfield></datafield><datafield ind1=" " ind2=" " tag="588"><subfield code="a">Latest issue consulted:  Mar. 21, 1977 (surrogate).</subfield></datafield><datafield ind1=" " ind2="0" tag="650"><subfield code="a">African American newspapers</subfield><subfield code="z">Arkansas</subfield><subfield code="z">Fayetteville.</subfield></datafield><datafield ind1=" " ind2="0" tag="651"><subfield code="a">Fayetteville (Ark.)</subfield><subfield code="v">Newspapers.</subfield></datafield><datafield ind1=" " ind2="0" tag="651"><subfield code="a">Washington County (Ark.)</subfield><subfield code="v">Newspapers.</subfield></datafield><datafield ind1=" " ind2="0" tag="650"><subfield code="a">Student newspapers and periodicals</subfield><subfield code="z">Arkansas</subfield><subfield code="z">Fayetteville.</subfield></datafield><datafield ind1="2" ind2="0" tag="610"><subfield code="a">University of Arkansas, Fayetteville</subfield><subfield code="v">Newspapers.</subfield></datafield><datafield ind1="2" ind2="7" tag="610"><subfield code="a">University of Arkansas, Fayetteville.</subfield><subfield code="2">fast</subfield><subfield code="0">(OCoLC)fst00561131</subfield></datafield><datafield ind1=" " ind2="7" tag="650"><subfield code="a">African American newspapers.</subfield><subfield code="2">fast</subfield><subfield code="0">(OCoLC)fst00799278</subfield></datafield><datafield ind1=" " ind2="7" tag="650"><subfield code="a">Student newspapers and periodicals.</subfield><subfield code="2">fast</subfield><subfield code="0">(OCoLC)fst01135965</subfield></datafield><datafield ind1=" " ind2="7" tag="651"><subfield code="a">Arkansas</subfield><subfield code="z">Fayetteville.</subfield><subfield code="2">fast</subfield><subfield code="0">(OCoLC)fst01214641</subfield></datafield><datafield ind1=" " ind2="7" tag="651"><subfield code="a">Arkansas</subfield><subfield code="z">Washington County.</subfield><subfield code="2">fast</subfield><subfield code="0">(OCoLC)fst01214423</subfield></datafield><datafield ind1=" " ind2="7" tag="655"><subfield code="a">Newspapers.</subfield><subfield code="2">fast</subfield><subfield code="0">(OCoLC)fst01423814</subfield></datafield><datafield ind1="2" ind2=" " tag="710"><subfield code="a">Black Americans for Democracy (University of Arkansas, Fayetteville)</subfield></datafield><datafield ind1=" " ind2=" " tag="752"><subfield code="a">United States</subfield><subfield code="b">Arkansas</subfield><subfield code="c">Washington</subfield><subfield code="d">Fayetteville</subfield></datafield><datafield ind1="0" ind2="8" tag="776"><subfield code="i">Online version:</subfield><subfield code="t">Times (Black Americans for Democracy (University of Arkansas, Fayetteville))</subfield><subfield code="x">2469-9284</subfield><subfield code="w">(DLC)  2015203718</subfield><subfield code="w">(OCoLC)931936574</subfield></datafield><datafield ind1="0" ind2="0" tag="780"><subfield code="t">Black Americans for Democracy news</subfield><subfield code="w">(OCoLC)774693311</subfield></datafield><datafield ind1="4" ind2="1" tag="856"><subfield code="u">http://voices.revealdigital.com/cgi-bin/independentvoices?a=cl&amp;cl=CL1&amp;sp=HHEGJDDAB&amp;ai=1</subfield></datafield></record>